

@article{chihani17jar,
  author =        {Zakaria Chihani and Dale Miller and Fabien Renaud},
  journal =       {J. of Automated Reasoning},
  number =        {3},
  pages =         {287--330},
  title =         {A semantic framework for proof evidence},
  volume =        {59},
  year =          {2017},
  doi =           {10.1007/s10817-016-9380-6},
  url =           {https://doi.org/10.1007/s10817-016-9380-6},
}

@misc{tassi18coqpl,
  author =        {Enrico Tassi},
  howpublished =  {CoqPL 2018: The Fourth International Workshop on Coq
                   for Programming Languages},
  month =         jan,
  title =         {Elpi: an extension language for {Coq}},
  year =          {2018},
  url =           {https://hal.inria.fr/hal-01637063/},
}

@misc{coq-elpi20web,
  author =        {Enrico Tassi},
  howpublished =  {\url{https://github.com/LPCIC/coq-elpi}},
  title =         {Coq plugin embedding {ELPI}},
  year =          {2020},
}

@inproceedings{dunchev15lpar,
  author =        {Cvetan Dunchev and Ferruccio Guidi and
                   Claudio Sacerdoti Coen and Enrico Tassi},
  booktitle =     {Logic for Programming, Artificial Intelligence, and
                   Reasoning - 20th International Conference, {LPAR-20}
                   2015, Suva, Fiji, November 24-28, 2015, Proceedings},
  editor =        {Martin Davis and Ansgar Fehnker and Annabelle McIver and
                   Andrei Voronkov},
  pages =         {460--468},
  publisher =     {Springer},
  series =        {LNCS},
  title =         {{ELPI:} Fast, Embeddable, $\lambda${Prolog}
                   Interpreter},
  volume =        {9450},
  year =          {2015},
  doi =           {10.1007/978-3-662-48899-7\_32},
  url =           {http://dx.doi.org/10.1007/978-3-662-48899-7\_32},
}

@book{miller12proghol,
  author =        {Dale Miller and Gopalan Nadathur},
  month =         jun,
  publisher =     {Cambridge University Press},
  title =         {Programming with Higher-Order Logic},
  year =          {2012},
  doi =           {10.1017/CBO9781139021326},
}

@article{liang09tcs,
  author =        {Chuck Liang and Dale Miller},
  journal =       {Theoretical Computer Science},
  number =        {46},
  pages =         {4747--4768},
  publisher =     {Elsevier},
  title =         {Focusing and Polarization in Linear, Intuitionistic,
                   and Classical Logics},
  volume =        {410},
  year =          {2009},
  doi =           {10.1016/j.tcs.2009.07.041},
}

@inproceedings{chihani13cade,
  author =        {Zakaria Chihani and Dale Miller and Fabien Renaud},
  booktitle =     {CADE 24: Conference on Automated Deduction 2013},
  editor =        {Maria Paola Bonacina},
  number =        {7898},
  pages =         {162--177},
  series =        {LNAI},
  title =         {Foundational proof certificates in first-order logic},
  year =          {2013},
  doi =           {10.1007/978-3-642-38574-2\_11},
}

@article{miller17fac,
  author =        {Dale Miller},
  journal =       {Formal Aspects of Computing},
  number =        {3},
  pages =         {383--399},
  title =         {Proof checking and logic programming},
  volume =        {29},
  year =          {2017},
  doi =           {10.1007/s00165-016-0393-z},
  url =           {http://dx.doi.org/10.1007/s00165-016-0393-z},
}

@inproceedings{blanco15wof,
  author =        {Roberto Blanco and Dale Miller},
  booktitle =     {Proceedings First International Workshop on Focusing},
  editor =        {Iliano Cervesato and Carsten Sch{\"u}rmann},
  month =         nov,
  pages =         {7--14},
  publisher =     {Open Publishing Association},
  series =        {Electronic Proceedings in Theoretical Computer
                   Science},
  title =         {Proof Outlines as Proof Certificates: a system
                   description},
  volume =        {197},
  year =          {2015},
  doi =           {10.4204/EPTCS.197.2},
  url =           {http://www.eprover.org/EVENTS/IWIL-2015.html},
}

@inproceedings{blanco17lfmtp,
  author =        {Roberto Blanco and Dale Miller and
                   Alberto Momigliano},
  booktitle =     {Work-in-Progress Proceedings of the Workshop on
                   Logical Frameworks and Meta-Languages: Theory and
                   Practice},
  editor =        {Marino Miculan and Florian Rabe},
  pages =         {17--22},
  series =        {Technical reports of DIMI, University of Udine},
  title =         {Property-Based Testing via Proof Reconstruction},
  year =          {2017},
  url =           {https://www.dimi.uniud.it/la-ricerca/pubblicazioni/
                  preprints/5.2017/},
}

@inproceedings{chihani15tableaux,
  author =        {Zakaria Chihani and Tomer Libal and Giselle Reis},
  booktitle =     {Proceedings of the 24th Automated Reasoning with
                   Analytic Tableaux and Related Methods (TABLEAUX)},
  editor =        {Hans De Nivelle},
  number =        {9323},
  pages =         {201--210},
  publisher =     {Springer},
  series =        {LNCS},
  title =         {The proof certifier {Checkers}},
  year =          {2015},
  doi =           {10.1007/978-3-319-24312-2\_14},
}

@inproceedings{chihani16lfsa,
  author =        {Zakaria Chihani and Dale Miller},
  booktitle =     {Post-proceedings of LSFA 2015: 10th Workshop on
                   Logical and Semantic Frameworks, with Applications.
                   Natal, Brazil.},
  editor =        {Mario Benevides and Ren\'e Thiemann},
  number =        {323},
  pages =         {93--108},
  publisher =     {Elsevier},
  series =        {ENTCS},
  title =         {Proof Certificates for Equality Reasoning},
  year =          {2016},
  doi =           {10.1016/j.entcs.2016.06.007},
}

@inproceedings{heath15pxtp,
  author =        {Quentin Heath and Dale Miller},
  booktitle =     {Proceedings of the Fourth Workshop on Proof eXchange
                   for Theorem Proving},
  editor =        {Cezary Kaliszyk and Andrei Paskevich},
  month =         aug,
  number =        {186},
  pages =         {11--26},
  publisher =     {Open Publishing Association},
  series =        {Electronic Proceedings in Theoretical Computer
                   Science},
  title =         {A framework for proof certificates in finite state
                   exploration},
  year =          {2015},
  doi =           {10.4204/EPTCS.186.4},
  url =           {http://www.lix.polytechnique.fr/Labo/Dale.Miller/papers/
                  pxtp2015.pdf},
}

@inproceedings{blanco17cade,
  author =        {Roberto Blanco and Zakaria Chihani and Dale Miller},
  booktitle =     {Automated Deduction - {CADE} 26 - 26th International
                   Conference on Automated Deduction, Gothenburg,
                   Sweden, August 6-11, 2017, Proceedings},
  editor =        {Leonardo de Moura},
  pages =         {255--273},
  publisher =     {Springer},
  series =        {Lecture Notes in Computer Science},
  title =         {Translating Between Implicit and Explicit Versions of
                   Proof},
  volume =        {10395},
  year =          {2017},
  doi =           {10.1007/978-3-319-63046-5\_16},
}

@article{coen19mscs,
  author =        {Ferruccio Guidi and Claudio Sacerdoti Coen and
                   Enrico Tassi},
  journal =       {Mathematical Structures in Computer Science},
  number =        {8},
  pages =         {1125â€“1150},
  publisher =     {Cambridge University Press},
  title =         {Implementing type theory in higher order constraint
                   logic programming},
  volume =        {29},
  year =          {2019},
  doi =           {10.1017/S0960129518000427},
}

@inproceedings{tassi19itp,
  address =       {Dagstuhl, Germany},
  author =        {Enrico Tassi},
  booktitle =     {10th International Conference on Interactive Theorem
                   Proving (ITP 2019)},
  editor =        {John Harrison and John O'Leary and Andrew Tolmach},
  pages =         {29:1--29:18},
  publisher =     {Schloss Dagstuhl--Leibniz-Zentrum fuer Informatik},
  series =        {Leibniz International Proceedings in Informatics
                   (LIPIcs)},
  title =         {{Deriving Proved Equality Tests in Coq-Elpi: Stronger
                   Induction Principles for Containers in Coq}},
  volume =        {141},
  year =          {2019},
  annote =        {Keywords: Coq, Containers, Induction, Equality test,
                   Parametricity translation},
  doi =           {10.4230/LIPIcs.ITP.2019.29},
  url =           {http://drops.dagstuhl.de/opus/volltexte/2019/11084},
}

@misc{assaf16unp,
  author =        {Ali Assaf and Guillaume Burel and
                   Rapha{\"e}l Cauderlier and David Delahaye and
                   Gilles Dowek and Catherine Dubois and
                   Fr\'ed\'eric Gilbert and Pierre Halmagrand and
                   Olivier Hermant and Ronan Saillard},
  title =         {Dedukti: a Logical Framework based on the
                   $\lambda{\Pi}$-Calculus Modulo Theory},
  year =          {2016},
  url =           {http://www.lsv.ens-cachan.fr/~dowek/Publi/expressing.pdf},
}

@inproceedings{assaf16types,
  address =       {Novi Sad, Serbia},
  author =        {Ali Assaf and Guillaume Burel and Raphal Cauderlier and
                   David Delahaye and Gilles Dowek and Catherine Dubois and
                   Fr{\'e}d{\'e}ric Gilbert and Pierre Halmagrand and
                   Olivier Hermant and Ronan Saillard},
  booktitle =     {TYPES: Types for Proofs and Programs},
  title =         {Expressing theories in the $\lambda$${\Pi}$-calculus
                   modulo theory and in the {Dedukti} system},
  year =          {2016},
}

@phdthesis{cauderlier16phd,
  author =        {Cauderlier, Rapha{\"e}l},
  month =         oct,
  school =        {{Conservatoire National Des Arts et M{\'e}tiers,
                   Paris}},
  title =         {{Object-Oriented Mechanisms for Interoperability
                   between Proof Systems}},
  year =          {2016},
  url =           {https://hal.inria.fr/tel-01415945},
}

